 %
 % Note: The citation keys are generated using the "shorttitle"
 %       field, which must be added manually.
 %

 @article{flipwidth, 
  title={Flip-width: Cops and Robber on dense graphs},
  shorttitle={Flip-width}, 
  url={http://arxiv.org/abs/2302.00352}, 
  note={arXiv:2302.00352 [cs, math]}, 
  number={arXiv:2302.00352}, 
  publisher={arXiv}, 
  author={Toru\'nczyk, Symon}, 
  year={2023}, 
  month={Feb}, 
}

@INPROCEEDINGS{tree-like,
  author={Adcock, Aaron B. and Sullivan, Blair D. and Mahoney, Michael W.},
  shorttitle={ICDM}, 
  booktitle={2013 IEEE 13th International Conference on Data Mining}, 
  title={Tree-Like Structure in Large Social and Information Networks}, 
  year={2013},
  volume={},
  number={},
  pages={1-10},
  doi={10.1109/ICDM.2013.77}
}

@InProceedings{treewidth-db,
  author =	{Silviu Maniu and Pierre Senellart and Suraj Jog},
  title =	{{An Experimental Study of the Treewidth of Real-World Graph Data}},
  shorttitle={ICDT},
  booktitle =	{22nd International Conference on Database Theory (ICDT 2019)},
  pages =	{12:1--12:18},
  series =	{Leibniz International Proceedings in Informatics (LIPIcs)},
  ISBN =	{978-3-95977-101-6},
  ISSN =	{1868-8969},
  year =	{2019},
  volume =	{127},
  editor =	{Pablo Barcelo and Marco Calautti},
  publisher =	{Schloss Dagstuhl--Leibniz-Zentrum fuer Informatik},
  address =	{Dagstuhl, Germany},
  URL =		{http://drops.dagstuhl.de/opus/volltexte/2019/10314},
  doi =		{10.4230/LIPIcs.ICDT.2019.12},
  annote =	{Keywords: Treewidth, Graph decompositions, Experiments, Query processing}
}

@article{tree-diet,
  author = {Marchand, Bertrand and Ponty, Yann and Bulteau, Laurent},
  shorttitle = {Alg. Mol. Bio.},
  year = {2022},
  month = {04},
  pages = {},
  title = {Tree Diet: Reducing the Treewidth to Unlock FPT Algorithms in RNA Bioinformatics},
  volume = {17},
  journal = {Algorithms for Molecular Biology},
  doi = {10.1186/s13015-022-00213-z}
}

@article{planar-street,
  shorttitle = {Env. \& Planning B},
  author = {Geoff Boeing},
  title ={Planarity and street network representation in urban form analysis},
  journal = {Environment and Planning B: Urban Analytics and City Science},
  volume = {47},
  number = {5},
  pages = {855-869},
  year = {2020},
  doi = {10.1177/2399808318802941},
}

@INPROCEEDINGS{planar-bio,
  author={Gasper, William and Cooper, Kathryn and Cornelius, Nathan and Ali, Hesham},
  shorttitle={BIBM},
  booktitle={2021 IEEE International Conference on Bioinformatics and Biomedicine (BIBM)}, 
  title={Parallel Planar Approximation for Large Networks}, 
  year={2021},
  volume={},
  number={},
  pages={1948-1955},
  doi={10.1109/BIBM52615.2021.9669815}}
